<record><leader>00000cas a22000007a 4500</leader><controlfield tag="001">27472545</controlfield><controlfield tag="008">930219c19579999mouwr ne      0   a0eng c</controlfield><datafield ind1=" " ind2=" " tag="010"><subfield code="a">sn 93059931 </subfield></datafield><datafield ind1=" " ind2=" " tag="040"><subfield code="a">MQN</subfield><subfield code="b">eng</subfield><subfield code="c">MQN</subfield><subfield code="d">NSD</subfield><subfield code="d">OCLCQ</subfield><subfield code="d">OCLCO</subfield><subfield code="d">OCLCA</subfield></datafield><datafield ind1=" " ind2=" " tag="012"><subfield code="m">1</subfield></datafield><datafield ind1="0" ind2=" " tag="022"><subfield code="a">1083-6977</subfield><subfield code="l">1083-6977</subfield><subfield code="2">1</subfield></datafield><datafield ind1="1" ind2=" " tag="029"><subfield code="a">AU@</subfield><subfield code="b">000020742195</subfield></datafield><datafield ind1=" " ind2=" " tag="032"><subfield code="a">556940</subfield><subfield code="b">USPS</subfield></datafield><datafield ind1=" " ind2=" " tag="037"><subfield code="b">Catholic Missourian, 609 Clark Ave., Jefferson City, MO 65109</subfield></datafield><datafield ind1=" " ind2=" " tag="042"><subfield code="a">nsdp</subfield><subfield code="a">pcc</subfield></datafield><datafield ind1="1" ind2="0" tag="082"><subfield code="a">282</subfield><subfield code="2">12</subfield></datafield><datafield ind1="0" ind2=" " tag="210"><subfield code="a">Cathol. Mo.</subfield></datafield><datafield ind1=" " ind2="4" tag="222"><subfield code="a">The Catholic Missourian</subfield></datafield><datafield ind1="0" ind2="4" tag="245"><subfield code="a">The Catholic Missourian.</subfield></datafield><datafield ind1=" " ind2=" " tag="260"><subfield code="a">Jefferson City, Mo. :</subfield><subfield code="b">Joseph M. Marling,</subfield><subfield code="c">1957-</subfield></datafield><datafield ind1=" " ind2=" " tag="300"><subfield code="a">v.</subfield></datafield><datafield ind1=" " ind2=" " tag="310"><subfield code="a">Weekly</subfield></datafield><datafield ind1="0" ind2=" " tag="362"><subfield code="a">Vol. 46, no. 10 (July 7, 1957)-v. 51, no. 32 (Dec. 9, 1962) ; v. 51, no. 14 (Dec. 16, 1962)-v. 58, no. 12 (May 5, 1968) ; v. 12, no. 1 (May 12, 1968)-</subfield></datafield><datafield ind1=" " ind2=" " tag="515"><subfield code="a">Issues for July 7, 1957-Dec. 9, 1962 carry designation for Our Sunday visitor on masthead, publishers block also carries v. 1, no. 1-v. 6, no. 13.</subfield></datafield><datafield ind1=" " ind2=" " tag="515"><subfield code="a">Issue for May 19, 1968 numbered v. 13, no. 2 but constitutes v. 12, no. 2.</subfield></datafield><datafield ind1=" " ind2=" " tag="550"><subfield code="a">Official newspaper of: Diocese of Jefferson City.</subfield></datafield><datafield ind1=" " ind2=" " tag="580"><subfield code="a">Carries as a supplement the national edition of Our Sunday visitor, July 7, 1957-Apr. 28, 1968.</subfield></datafield><datafield ind1="2" ind2="0" tag="610"><subfield code="a">Catholic Church.</subfield><subfield code="b">Diocese of Jefferson City (Mo.)</subfield></datafield><datafield ind1=" " ind2="0" tag="650"><subfield code="a">Catholics</subfield><subfield code="z">Missouri</subfield><subfield code="v">Newspapers.</subfield></datafield><datafield ind1=" " ind2=" " tag="752"><subfield code="a">United States</subfield><subfield code="b">Missouri</subfield><subfield code="c">Cole</subfield><subfield code="d">Jefferson City.</subfield></datafield><datafield ind1="1" ind2=" " tag="770"><subfield code="t">Our Sunday visitor</subfield><subfield code="w">(DLC0sn 7805143</subfield></datafield><datafield ind1=" " ind2=" " tag="936"><subfield code="a">Vol. 38, no. 48 (June 1995) LIC</subfield></datafield></record>